
% Journals

% First the Full Name is given, then the abbreviation used in the AMS Math
% Reviews, with an indication if it could not be found there.
% Note the 2nd overwrites the 1st, so swap them if you want the full name.

 %{AMS}
 @String{AMSTrans = "American Mathematical Society Translations" }
 @String{AMSTrans = "Amer. Math. Soc. Transl." }
 @String{BullAMS = "Bulletin of the American Mathematical Society" }
 @String{BullAMS = "Bull. Amer. Math. Soc." }
 @String{ProcAMS = "Proceedings of the American Mathematical Society" }
 @String{ProcAMS = "Proc. Amer. Math. Soc." }
 @String{TransAMS = "Transactions of the American Mathematical Society" }
 @String{TransAMS = "Trans. Amer. Math. Soc." }

 %ACM
 @String{CACM = "Communications of the {ACM}" }
 @String{CACM = "Commun. {ACM}" }
 @String{CompServ = "Comput. Surveys" }
 @String{JACM = "J. ACM" }
 @String{ACMMathSoft = "{ACM} Transactions on Mathematical Software" }
 @String{ACMMathSoft = "{ACM} Trans. Math. Software" }
 @String{SIGNUM = "{ACM} {SIGNUM} Newsletter" }
 @String{SIGNUM = "{ACM} {SIGNUM} Newslett." }

 @String{AmerSocio = "American Journal of Sociology" }
 @String{AmerStatAssoc = "Journal of the American Statistical Association" }
 @String{AmerStatAssoc = "J. Amer. Statist. Assoc." }
 @String{ApplMathComp = "Applied Mathematics and Computation" }
 @String{ApplMathComp = "Appl. Math. Comput." }
 @String{AmerMathMonthly = "American Mathematical Monthly" }
 @String{AmerMathMonthly = "Amer. Math. Monthly" }
 @String{BIT = "{BIT}" }
 @String{BritStatPsych = "British Journal of Mathematical and Statistical
          Psychology" }
 @String{BritStatPsych = "Brit. J. Math. Statist. Psych." }
 @String{CanMathBull = "Canadian Mathematical Bulletin" }
 @String{CanMathBull = "Canad. Math. Bull." }
 @String{CompApplMath = "Journal of Computational and Applied Mathematics" }
 @String{CompApplMath = "J. Comput. Appl. Math." }
 @String{CompPhys = "Journal of Computational Physics" }
 @String{CompPhys = "J. Comput. Phys." }
 @String{CompStruct = "Computers and Structures" }
 @String{CompStruct = "Comput. \& Structures" }
 @String{CompJour = "The Computer Journal" }
 @String{CompJour = "Comput. J." }
 @String{CompSysSci = "Journal of Computer and System Sciences" }
 @String{CompSysSci = "J. Comput. System Sci." }
 @String{Computing = "Computing" }
 @String{ContempMath = "Contemporary Mathematics" }
 @String{ContempMath = "Contemp. Math." }
 @String{Crelle = "Crelle's Journal" }
 @String{GiornaleMath = "Giornale di Mathematiche" }
 @String{GiornaleMath = "Giorn. Mat." } % didn't find in AMS MR., ibid.

 %IEEE
 @String{Computer = "{IEEE} Computer" }
 @String{IEEETransComp = "{IEEE} Transactions on Computers" }
 @String{IEEETransComp = "{IEEE} Trans. Comput." }
 @String{IEEETransAC = "{IEEE} Transactions on Automatic Control" }
 @String{IEEETransAC = "{IEEE} Trans. Automat. Control" }
 @String{IEEESpec = "{IEEE} Spectrum" } % didn't find in AMS MR
 @String{ProcIEEE = "Proceedings of the {IEEE}" }
 @String{ProcIEEE = "Proc. {IEEE}" } % didn't find in AMS MR
 @String{IEEETransAeroElec = "{IEEE} Transactions on Aerospace and Electronic
     Systems" }
 @String{IEEETransAeroElec = "{IEEE} Trans. Aerospace Electron. Systems" }

 @String{IMANumerAna = "{IMA} Journal of Numerical Analysis" }
 @String{IMANumerAna = "{IMA} J. Numer. Anal." }
 @String{InfProcLet = "Information Processing Letters" }
 @String{InfProcLet = "Inform. Process. Lett." }
 @String{InstMathApp = "Journal of the Institute of Mathematics and
     its Applications" }
 @String{InstMathApp = "J. Inst. Math. Appl." }
 @String{IntControl = "International Journal of Control" }
 @String{IntControl = "Internat. J. Control" }
 @String{IntNumerEng = "International Journal for Numerical Methods in
     Engineering" }
 @String{IntNumerEng = "Internat. J. Numer. Methods Engrg." }
 @String{IntSuper = "International Journal of Supercomputing Applications" }
 @String{IntSuper = "Internat. J. Supercomputing Applic." } % didn't find
%% in AMS MR
 @String{Kibernetika = "Kibernetika" }
 @String{JResNatBurStand = "Journal of Research of the National Bureau
     of Standards" }
 @String{JResNatBurStand = "J. Res. Nat. Bur. Standards" }
 @String{LinAlgApp = "Linear Algebra and its Applications" }
 @String{LinAlgApp = "Linear Algebra Appl." }
 @String{MathAnaAppl = "Journal of Mathematical Analysis and Applications" }
 @String{MathAnaAppl = "J. Math. Anal. Appl." }
 @String{MathAnnalen = "Mathematische Annalen" }
 @String{MathAnnalen = "Math. Ann." }
 @String{MathPhys = "Journal of Mathematical Physics" }
 @String{MathPhys = "J. Math. Phys." }
 @String{MathComp = "Mathematics of Computation" }
 @String{MathComp = "Math. Comp." }
 @String{MathScand = "Mathematica Scandinavica" }
 @String{MathScand = "Math. Scand." }
 @String{TablesAidsComp = "Mathematical Tables and Other Aids to Computation" }
 @String{TablesAidsComp = "Math. Tables Aids Comput." }
 @String{NumerMath = "Numerische Mathematik" }
 @String{NumerMath = "Numer. Math." }
 @String{PacificMath = "Pacific Journal of Mathematics" }
 @String{PacificMath = "Pacific J. Math." }
 @String{ParDistComp = "Journal of Parallel and Distributed Computing" }
 @String{ParDistComp = "J. Parallel and Distrib. Comput." } % didn't find
%% in AMS MR
 @String{ParComputing = "Parallel Computing" }
 @String{ParComputing = "Parallel Comput." }
 @String{PhilMag = "Philosophical Magazine" }
 @String{PhilMag = "Philos. Mag." }
 @String{ProcNAS = "Proceedings of the National Academy of Sciences
                    of the USA" }
 @String{ProcNAS = "Proc. Nat. Acad. Sci. U. S. A." }
 @String{Psychometrika = "Psychometrika" }
 @String{QuartMath = "Quarterly Journal of Mathematics, Oxford, Series (2)" }
 @String{QuartMath = "Quart. J. Math. Oxford Ser. (2)" }
 @String{QuartApplMath = "Quarterly of Applied Mathematics" }
 @String{QuartApplMath = "Quart. Appl. Math." }
 @String{RevueInstStat = "Review of the International Statisical Institute" }
 @String{RevueInstStat = "Rev. Inst. Internat. Statist." }

 %SIAM
 @String{JSIAM = "Journal of the Society for Industrial and Applied
     Mathematics" }
 @String{JSIAM = "J. Soc. Indust. Appl. Math." }
 @String{JSIAMB = "Journal of the Society for Industrial and Applied
     Mathematics, Series B, Numerical Analysis" }
 @String{JSIAMB = "J. Soc. Indust. Appl. Math. Ser. B Numer. Anal." }
 @String{SIAMAlgMeth = "{SIAM} Journal on Algebraic and Discrete Methods" }
 @String{SIAMAlgMeth = "{SIAM} J. Algebraic Discrete Methods" }
 @String{SIAMAppMath = "{SIAM} Journal on Applied Mathematics" }
 @String{SIAMAppMath = "{SIAM} J. Appl. Math." }
 @String{SIAMComp = "{SIAM} Journal on Computing" }
 @String{SIAMComp = "{SIAM} J. Comput." }
 @String{SIAMMatrix = "{SIAM} Journal on Matrix Analysis and Applications" }
 @String{SIAMMatrix = "{SIAM} J. Matrix Anal. Appl." }
 @String{SIAMNumAnal = "{SIAM} Journal on Numerical Analysis" }
 @String{SIAMNumAnal = "{SIAM} J. Numer. Anal." }
 @String{SIAMReview = "{SIAM} Review" }
 @String{SIAMReview = "{SIAM} Rev." }
 @String{SIAMSciStat = "{SIAM} Journal on Scientific and Statistical
     Computing" }
 @String{SIAMSciStat = "{SIAM} J. Sci. Statist. Comput." }

 @String{SoftPracExp = "Software Practice and Experience" }
 @String{SoftPracExp = "Software Prac. Experience" } % didn't find in AMS MR
 @String{StatScience = "Statistical Science" }
 @String{StatScience = "Statist. Sci." }
 @String{Techno = "Technometrics" }
 @String{USSRCompMathPhys = "{USSR} Computational Mathematics and Mathematical
     Physics" }
 @String{USSRCompMathPhys = "{U. S. S. R.} Comput. Math. and Math. Phys." }
 @String{VLSICompSys = "Journal of {VLSI} and Computer Systems" }
 @String{VLSICompSys = "J. {VLSI} Comput. Syst." }
 @String{ZAngewMathMech = "Zeitschrift fur Angewandte Mathematik und
     Mechanik" }
 @String{ZAngewMathMech = "Z. Angew. Math. Mech." }
 @String{ZAngewMathPhys = "Zeitschrift fur Angewandte Mathematik und Physik" }
 @String{ZAngewMathPhys = "Z. Angew. Math. Phys." }

% Publishers % ================================================= |

 @String{Academic = "Academic Press" }
 @String{ACMPress = "{ACM} Press" }
 @String{AdamHilger = "Adam Hilger" }
 @String{AddisonWesley = "Addison-Wesley" }
 @String{AllynBacon = "Allyn and Bacon" }
 @String{AMS = "American Mathematical Society" }
 @String{Birkhauser = "Birkha{\"u}ser" }
 @String{CambridgePress = "Cambridge University Press" }
 @String{Chelsea = "Chelsea" }
 @String{ClaredonPress = "Claredon Press" }
 @String{DoverPub = "Dover Publications" }
 @String{Eyolles = "Eyolles" }
 @String{HoltRinehartWinston = "Holt, Rinehart and Winston" }
 @String{Interscience = "Interscience" }
 @String{JohnsHopkinsPress = "The Johns Hopkins University Press" }
 @String{JohnWileySons = "John Wiley and Sons" }
 @String{Macmillan = "Macmillan" }
 @String{MathWorks = "The Math Works Inc." }
 @String{McGrawHill = "McGraw-Hill" }
 @String{NatBurStd = "National Bureau of Standards" }
 @String{NorthHolland = "North-Holland" }
 @String{OxfordPress = "Oxford University Press" }  %address Oxford or London?
 @String{PergamonPress = "Pergamon Press" }
 @String{PlenumPress = "Plenum Press" }
 @String{PrenticeHall = "Prentice-Hall" }
 @String{SIAMPub = "{SIAM} Publications" }
 @String{Springer = "Springer-Verlag" }
 @String{TexasPress = "University of Texas Press" }
 @String{VanNostrand = "Van Nostrand" }
 @String{WHFreeman = "W. H. Freeman and Co." }

%Entries

@article{zuo2022semi,
  title={A semi-supervised leakage detection method driven by multivariate time series for natural gas gathering pipeline},
  author={Zuo, Zhonglin and Ma, Li and Liang, Shan and Liang, Jing and Zhang, Hao and Liu, Tong},
  journal={Process Safety and Environmental Protection},
  volume={164},
  pages={468--478},
  year={2022},
  publisher={Elsevier}
}

@inproceedings{salhi2019early,
  title={Early detection system for gas leakage and fire in smart home using machine learning},
  author={Salhi, Lamine and Silverston, Thomas and Yamazaki, Taku and Miyoshi, Takumi},
  booktitle={2019 IEEE International Conference on Consumer Electronics (ICCE)},
  pages={1--6},
  year={2019},
  organization={IEEE}
}

@article{tsoukas2023gas,
  title={A gas leakage detection device based on the technology of TinyML},
  author={Tsoukas, Vasileios and Gkogkidis, Anargyros and Boumpa, Eleni and Papafotikas, Stefanos and Kakarountas, Athanasios},
  journal={Technologies},
  volume={11},
  number={2},
  pages={45},
  year={2023},
  publisher={MDPI}
}

@article{baqer2023development,
  title={Development of a real-time monitoring and detection indoor air quality system for intensive care unit and emergency department.},
  author={Baqer, Noor S and Mohammed, Hussein and Albahri, AS and others},
  journal={Signa Vitae},
  volume={19},
  number={1},
  year={2023}
}

@article{omidvarborna2021low,
  title={Low-cost air quality sensing towards smart homes},
  author={Omidvarborna, Hamid and Kumar, Prashant and Hayward, Joe and Gupta, Manik and Nascimento, Erick Giovani Sperandio},
  journal={Atmosphere},
  volume={12},
  number={4},
  pages={453},
  year={2021},
  publisher={MDPI}
}

@inproceedings{fraiwan2011wireless,
  title={A wireless home safety gas leakage detection system},
  author={Fraiwan, Luay and Lweesy, Khaldon and Bani-Salma, Aya and Mani, Nour},
  booktitle={2011 1st Middle East Conference on Biomedical Engineering},
  pages={11--14},
  year={2011},
  organization={IEEE}
}

@article{khan2020sensor,
  title={Sensor-based gas leakage detector system},
  author={Khan, Mohammad Monirujjaman},
  journal={Engineering Proceedings},
  volume={2},
  number={1},
  pages={28},
  year={2020},
  publisher={MDPI}
}

@inproceedings{suma2019gas,
  title={Gas leakage detection based on IOT},
  author={Suma, V and Shekar, Ramya R and Akshay, Kumar A},
  booktitle={2019 3rd International conference on Electronics, Communication and Aerospace Technology (ICECA)},
  pages={1312--1315},
  year={2019},
  organization={IEEE}
}

@article{ge2008analysis,
  title={Analysis of the smallest detectable leakage flow rate of negative pressure wave-based leak detection systems for liquid pipelines},
  author={Ge, Chuanhu and Wang, Guizeng and Ye, Hao},
  journal={Computers \& Chemical Engineering},
  volume={32},
  number={8},
  pages={1669--1680},
  year={2008},
  publisher={Elsevier}
}

@article{tian2016study,
  title={A study on a real-time leak detection method for pressurized liquid refrigerant pipeline based on pressure and flow rate},
  author={Tian, Shen and Du, Juanli and Shao, Shuangquan and Xu, Hongbo and Tian, Changqing},
  journal={Applied Thermal Engineering},
  volume={95},
  pages={462--470},
  year={2016},
  publisher={Elsevier}
}

@inproceedings{rahmat2017water,
  title={Water pipeline monitoring and leak detection using flow liquid meter sensor},
  author={Rahmat, RF and Satria, IS and Siregar, B and Budiarto, R},
  booktitle={IOP conference series: materials science and engineering},
  volume={190},
  number={1},
  pages={012036},
  year={2017},
  organization={IOP Publishing}
}

@article{zaman2020review,
  title={A review of leakage detection strategies for pressurised pipeline in steady-state},
  author={Zaman, Dina and Tiwari, Manoj Kumar and Gupta, Ashok Kumar and Sen, Dhrubjyoti},
  journal={Engineering Failure Analysis},
  volume={109},
  pages={104264},
  year={2020},
  publisher={Elsevier}
}

@article{chen2020novel,
  title={A novel method for transient leakage flow rate calculation of gas transmission pipelines},
  author={Chen, Qian and Xing, Xiaokai and Jin, Can and Zuo, Lili and Wu, Jianhang and Wang, Weishuo},
  journal={Journal of Natural Gas Science and Engineering},
  volume={77},
  pages={103261},
  year={2020},
  publisher={Elsevier}
}

@article{sekhavati2022computational,
  title={Computational methods for pipeline leakage detection and localization: A review and comparative study},
  author={Sekhavati, Javad and Hashemabadi, Seyed Hassan and Soroush, Masoud},
  journal={Journal of Loss Prevention in the Process Industries},
  volume={77},
  pages={104771},
  year={2022},
  publisher={Elsevier}
}

@article{ali2022solution,
  title={A solution for water management and leakage detection problems using IoTs based approach},
  author={Ali, Ahmed S and Abdelmoez, Mahmoud N and Heshmat, Mahmoud and Ibrahim, Khalil},
  journal={Internet of Things},
  volume={18},
  pages={100504},
  year={2022},
  publisher={Elsevier}
}

@article{vonfischer2017rapid,
  title={Rapid, Vehicle-Based Identification of Location and Magnitude of Urban Natural Gas Pipeline Leaks},
  author={von Fischer, Joseph C. and Cooley, Daniel and Chamberlain, Sam and Gaylord, Adam and Griebenow, Claire J. and Hamburg, Steven P. and Salo, Jessica and Schumacher, Russ and Theobald, David and Ham, Jay},
  journal={Environmental Science \& Technology},
  volume={51},
  number={7},
  pages={4091--4099},
  year={2017},
  publisher={ACS Publications},
  doi={10.1021/acs.est.6b06095}
}

@article{chraim2016wireless,
  title={Wireless Gas Leak Detection and Localization},
  author={Chraim, Firas and Erol, Y. Bugra and Pister, Kristofer},
  journal={IEEE Transactions on Industrial Informatics},
  volume={12},
  number={2},
  pages={768--779},
  year={2016},
  publisher={IEEE},
  doi={10.1109/TII.2015.2397879}
}

@inproceedings{dange2024automated,
  title={Automated Gas Leakage Detection and Control System},
  author={Dange, V. and Bagde, S. and Bagul, S. and Barsude, S. and Bhanji, O.},
  booktitle={2024 International Conference on Emerging Innovations and Advanced Computing (INNOCOMP)},
  pages={609--613},
  year={2024},
  organization={IEEE},
  doi={10.1109/INNOCOMP63224.2024.00105}
}

@inproceedings{fraiwan2011wireless,
  title={A wireless home safety gas leakage detection system},
  author={Fraiwan, Loay and Lweesy, Khaled and Bani-Salma, Ahmad and Mani, Nabeel},
  booktitle={2011 1st Middle East Conference on Biomedical Engineering (MECBME)},
  pages={11--14},
  year={2011},
  organization={IEEE},
  doi={10.1109/MECBME.2011.5752053}
}

@article{li2023accurate,
  title={Accurate Anomaly Detection With Energy Efficiency in IoT–Edge–Cloud Collaborative Networks},
  author={Li, Yu and Zhou, Zhen and Xue, Xiaodong and Zhao, Dongfang and Hung, Patrick CK},
  journal={IEEE Internet of Things Journal},
  volume={10},
  number={19},
  pages={16959--16974},
  year={2023},
  publisher={IEEE},
  doi={10.1109/JIOT.2023.3273542}
}

@article{wang2022real,
  title={Real-Time Identification of Natural Gas Pipeline Leakage Apertures Based on Lightweight Residual Convolutional Neural Network},
  author={Wang, Xiaodong and Liu, Yu and Jiang, Cheng and Li, Yicheng and Bi, Hu},
  journal={IEEE Sensors Journal},
  volume={22},
  number={24},
  pages={24112--24120},
  year={2022},
  publisher={IEEE},
  doi={10.1109/JSEN.2022.3217529}
}

@article{meribout2021gas,
  title={Gas Leak-Detection and Measurement Systems: Prospects and Future Trends},
  author={Meribout, Mohamed},
  journal={IEEE Transactions on Instrumentation and Measurement},
  volume={70},
  pages={1--13},
  year={2021},
  publisher={IEEE},
  doi={10.1109/TIM.2021.3096596}
}

@article{dong2019gas,
  title={The Gas Leak Detection Based on a Wireless Monitoring System},
  author={Dong, Li et al.},
  journal={IEEE Transactions on Industrial Informatics},
  volume={15},
  number={12},
  pages={6240--6251},
  year={2019},
  publisher={IEEE},
  doi={10.1109/TII.2019.2891521}
}

@inproceedings{yan2022research,
  title={Research on Detection Technology of Tiny Leak Signal Based on Empirical Mode Decomposition},
  author={Yan, Rong and others},
  booktitle={2022 IEEE 4th International Conference on Civil Aviation Safety and Information Technology (ICCASIT)},
  pages={208--214},
  year={2022},
  organization={IEEE},
  doi={10.1109/ICCASIT55263.2022.9986899}
}

@article{song2021quantitative,
  title={Quantitative risk assessment of gas leakage and explosion accident consequences inside residential buildings},
  author={Song, Bin and Jiao, Wenling and Cen, Kang and Tian, Xinghao and Zhang, Hanyue and Lu, Wan},
  journal={Engineering Failure Analysis},
  volume={122},
  pages={105257},
  year={2021},
  publisher={Elsevier},
  doi={10.1016/j.engfailanal.2021.105257}
}

@inproceedings{kutovoy2024application,
  title={Application of GERG and AGA8 Methods for Calculation the Compression Factor of Natural Gas at Low Temperatures},
  author={Kutovoy, Denis and Shustrova, Marina and Fafurin, Victor},
  booktitle={2024 International Conference on Industrial Engineering, Applications and Manufacturing (ICIEAM)},
  pages={978--982},
  year={2024},
  organization={IEEE}
}

@article{zhang2023building,
  title={Building urban gas process safety management (UG-PSM) system: Based on root cause analysis with 160 urban gas accidents in China},
  author={Zhang, Xiao-Liang and Liang, Fan-Jie and Xu, Su-Rui and Xie, Yu-Fei and Shu, Chi-Min},
  journal={Journal of Loss Prevention in the Process Industries},
  volume={84},
  pages={105101},
  year={2023},
  publisher={Elsevier}
}

@misc{AGA2024,
  title  = "{American Gas Association (AGA)}",
  author = {},
  howpublished = {\url{https://www.aga.org}},
  year   = {2024}
}

@misc{API2024,
  title  = "{American Petroleum Institute (API)}",
  author = {},
  howpublished = {\url{https://www.api.org}},
  year   = {2024}
}

@misc{ASME2024,
  title  = "{American Society of Mechanical Engineers (ASME)}",
  author = {},
  howpublished = {\url{https://www.asme.org}},
  year   = {2024}
}

@misc{ASTM2024,
  title  = "{American Society for Testing and Materials (ASTM)}",
  author = {},
  howpublished = {\url{https://www.astm.org}},
  year   = {2024}
}

@misc{GPA2024,
  title  = "{Gas Processors Association (GPA)}",
  author = {},
  howpublished = {\url{https://www.gpaglobal.org}},
  year   = {2024}
}

@misc{ISA2024,
  title  = "{Instrument Society of America (ISA)}",
  author = {},
  howpublished = {\url{https://www.isa.org}},
  year   = {2024}
}